%% References go here if any
